<?xml version="1.0" encoding="UTF-8"?><record xmlns="http://www.loc.gov/MARC21/slim" xmlns:cinclude="http://apache.org/cocoon/include/1.0" xmlns:zs="http://www.loc.gov/zing/srw/">
  <leader>00619cz  a2200169n  4500</leader>
  <controlfield tag="001">n  85330858 </controlfield>
  <controlfield tag="003">DLC</controlfield>
  <controlfield tag="005">20060707052047.0</controlfield>
  <controlfield tag="008">860401n| acannaabn          |a aaa      </controlfield>
  <datafield tag="010" ind1=" " ind2=" ">
    <subfield code="a">n  85330858 </subfield>
    <subfield code="z">n  85330832 </subfield>
  </datafield>
  <datafield tag="035" ind1=" " ind2=" ">
    <subfield code="a">(OCoLC)oca01549858</subfield>
  </datafield>
  <datafield tag="040" ind1=" " ind2=" ">
    <subfield code="a">DLC</subfield>
    <subfield code="b">eng</subfield>
    <subfield code="c">DLC</subfield>
    <subfield code="d">DLC</subfield>
    <subfield code="d">OCoLC</subfield>
  </datafield>
  <datafield tag="100" ind1="1" ind2=" ">
    <subfield code="a">Heinrich, Eberhard</subfield>
  </datafield>
  <datafield tag="400" ind1="1" ind2=" ">
    <subfield code="a">Khaĭnrikh, Ė.</subfield>
    <subfield code="q">(Ėberkhard)</subfield>
  </datafield>
  <datafield tag="400" ind1="1" ind2=" ">
    <subfield code="a">Khaĭnrikh, Ėberkhard</subfield>
  </datafield>
  <datafield tag="670" ind1=" " ind2=" ">
    <subfield code="a">Soldaten des Volkes, c1985:</subfield>
    <subfield code="b">colophon (Eberhard Heinrich)</subfield>
  </datafield>
  <datafield tag="670" ind1=" " ind2=" ">
    <subfield code="a">His Vrazhda s pervogo dni︠a︡, 1983:</subfield>
    <subfield code="b">t.p. (Ė.Khaĭnrikh) verso t.p. (Eberhard Heinrich) p. 4 of cover (Ėberkhard Khaĭnrikh)</subfield>
  </datafield>
</record>